<record><leader>00000cas a2200000 a 4500</leader><controlfield tag="001">11592395</controlfield><controlfield tag="008">850117d18731934cauwr ne      0    0eng c</controlfield><datafield ind1=" " ind2=" " tag="010"><subfield code="a">sn 85025150 </subfield></datafield><datafield ind1=" " ind2=" " tag="040"><subfield code="a">NPX</subfield><subfield code="b">eng</subfield><subfield code="c">NPX</subfield><subfield code="d">NNX</subfield><subfield code="d">CNK</subfield><subfield code="d">OCLCQ</subfield><subfield code="d">CNK</subfield><subfield code="d">OCLCQ</subfield><subfield code="d">OCLCF</subfield><subfield code="d">OCLCO</subfield></datafield><datafield ind1="1" ind2=" " tag="029"><subfield code="a">AU@</subfield><subfield code="b">000020425519</subfield></datafield><datafield ind1=" " ind2=" " tag="042"><subfield code="a">pcc</subfield></datafield><datafield ind1=" " ind2=" " tag="043"><subfield code="a">n-us-ca</subfield></datafield><datafield ind1="0" ind2="4" tag="245"><subfield code="a">The Lassen advocate.</subfield></datafield><datafield ind1=" " ind2=" " tag="260"><subfield code="a">Susanville, Calif. :</subfield><subfield code="b">Partridge &amp; Slater</subfield></datafield><datafield ind1=" " ind2=" " tag="300"><subfield code="a">v.</subfield></datafield><datafield ind1=" " ind2=" " tag="310"><subfield code="a">Weekly</subfield></datafield><datafield ind1="0" ind2=" " tag="362"><subfield code="a">Vol. 8, no. 26 (Jan. 4, 1873)- v. 69, no. 146 (Sept. 28, 1934).</subfield></datafield><datafield ind1=" " ind2=" " tag="500"><subfield code="a">Editor: John C. Partridge, Jan. 4, 1873-June 15, 1878.</subfield></datafield><datafield ind1=" " ind2=" " tag="500"><subfield code="a">Called Weekly ed., Apr. 6-Sept. 28, 1934.</subfield></datafield><datafield ind1=" " ind2=" " tag="500"><subfield code="a">Also published in daily ed. Apr. 1934-</subfield></datafield><datafield ind1=" " ind2=" " tag="515"><subfield code="a">Issues for July 6, 1878-May 6, 1921 called also whole no. 677-whole no. 2925.</subfield></datafield><datafield ind1=" " ind2=" " tag="530"><subfield code="a">Master negatives are available for duplication from:</subfield><subfield code="b">California Newspaper Microfilm Archive;</subfield><subfield code="c">for further information consult the CNMA at:</subfield><subfield code="u">http://cbsr.ucr.edu</subfield></datafield><datafield ind1=" " ind2="0" tag="651"><subfield code="a">Lassen County (Calif.)</subfield><subfield code="v">Newspapers.</subfield></datafield><datafield ind1=" " ind2="7" tag="655"><subfield code="a">Newspapers.</subfield><subfield code="2">fast</subfield><subfield code="0">(OCoLC)fst01423814</subfield></datafield><datafield ind1=" " ind2="7" tag="651"><subfield code="a">California</subfield><subfield code="z">Lassen County.</subfield><subfield code="2">fast</subfield><subfield code="0">(OCoLC)fst01213137</subfield></datafield><datafield ind1=" " ind2=" " tag="752"><subfield code="a">United States</subfield><subfield code="b">California</subfield><subfield code="c">Lassen</subfield><subfield code="d">Susanville.</subfield></datafield><datafield ind1="0" ind2=" " tag="775"><subfield code="a">Lassen advocate (Susanville, Calif. : Daily)</subfield><subfield code="w">(DLC)sn 86076424</subfield></datafield><datafield ind1="0" ind2="0" tag="780"><subfield code="t">Lassen sage brush</subfield><subfield code="w">(DLC)sn 86076419</subfield></datafield></record>